<record><leader>00000cas a22000007a 4500</leader><controlfield tag="001">12002247</controlfield><controlfield tag="008">850506d19231926mtuwr ne      0    0eng d</controlfield><datafield ind1=" " ind2=" " tag="010"><subfield code="a">sn 85053113 </subfield></datafield><datafield ind1=" " ind2=" " tag="040"><subfield code="a">MTL</subfield><subfield code="b">eng</subfield><subfield code="c">MTL</subfield><subfield code="d">OCLCQ</subfield></datafield><datafield ind1=" " ind2=" " tag="042"><subfield code="a">msc</subfield></datafield><datafield ind1="0" ind2="0" tag="245"><subfield code="a">Rosebud County record.</subfield></datafield><datafield ind1=" " ind2=" " tag="260"><subfield code="a">Forsyth, Mont. :</subfield><subfield code="b">G.B. True,</subfield><subfield code="c">1923-1926.</subfield></datafield><datafield ind1=" " ind2=" " tag="300"><subfield code="a">3 v. :</subfield><subfield code="b">ill.</subfield></datafield><datafield ind1=" " ind2=" " tag="310"><subfield code="a">Weekly</subfield></datafield><datafield ind1="0" ind2=" " tag="362"><subfield code="a">Vol. 8, no. 40 (Sept. 6, 1923)-v. 11, no. 18 (Mar. 26, 1926).</subfield></datafield><datafield ind1=" " ind2=" " tag="500"><subfield code="a">Place of publication varies: Forsyth, Sept. 6, 1923-Sept. 24, 1925; Sumatra, Oct. 2, 1925-Mar. 26, 1926.</subfield></datafield><datafield ind1=" " ind2=" " tag="752"><subfield code="a">United States</subfield><subfield code="b">Montana</subfield><subfield code="c">Rosebud</subfield><subfield code="d">Forsyth.</subfield></datafield><datafield ind1=" " ind2=" " tag="752"><subfield code="a">United States</subfield><subfield code="b">Montana</subfield><subfield code="c">Rosebud</subfield><subfield code="d">Sumatra.</subfield></datafield><datafield ind1="0" ind2="0" tag="780"><subfield code="t">Rosebud record</subfield><subfield code="w">(DLC)sn 85053112</subfield></datafield><datafield ind1="0" ind2="0" tag="785"><subfield code="t">Sumatra record (Sumatra, Mont. : 1926)</subfield><subfield code="w">(DLC)sn 85053114</subfield></datafield></record>